<?xml version="1.0" encoding="UTF-8"?><collection xmlns="http://www.loc.gov/MARC21/slim"><record><leader>00386nam--2200121-i-4500</leader><controlfield tag="001">000044188</controlfield><controlfield tag="002">20161230</controlfield><controlfield tag="005">20161230201044</controlfield><controlfield tag="008">060222s1000------------r-----000-0-eng-d</controlfield><datafield ind1=" " ind2=" " tag="080"><subfield code="a">621.762.5(061.3)</subfield></datafield><datafield ind1=" " ind2=" " tag="245"><subfield code="a">Pulvermetallurgie und sinterwerkstoffe vortrage im pahmen des plansee-bildungsprogramms 2.auflage</subfield></datafield><datafield ind1=" " ind2=" " tag="260"><subfield code="a">Reutte, Metallwerk Plansee Ag &amp; Co., Kg, 1980, 202p</subfield></datafield><datafield ind1=" " ind2=" " tag="852"><subfield code="a">48218</subfield></datafield></record></collection>